<?xml version="1.0" encoding="UTF-8"?><record xmlns="http://www.loc.gov/MARC21/slim" xmlns:cinclude="http://apache.org/cocoon/include/1.0" xmlns:zs="http://www.loc.gov/zing/srw/">
  <leader>00806nz  a2200133n  4500</leader>
  <controlfield tag="001">n 2014036191</controlfield>
  <controlfield tag="003">DLC</controlfield>
  <controlfield tag="005">20140620072845.0</controlfield>
  <controlfield tag="008">140620n| azannaabn          |a ana      </controlfield>
  <datafield tag="010" ind1=" " ind2=" ">
    <subfield code="a">n 2014036191</subfield>
  </datafield>
  <datafield tag="040" ind1=" " ind2=" ">
    <subfield code="a">DLC</subfield>
    <subfield code="b">eng</subfield>
    <subfield code="e">rda</subfield>
    <subfield code="c">DLC</subfield>
  </datafield>
  <datafield tag="110" ind1="2" ind2=" ">
    <subfield code="a">Environmental and Water Resources Institute (U.S.).</subfield>
    <subfield code="b">Task Committee on Recent Advances in Canal Automation</subfield>
  </datafield>
  <datafield tag="410" ind1="2" ind2=" ">
    <subfield code="a">Environmental and Water Resources Institute (U.S.).</subfield>
    <subfield code="b">Irrigation Delivery and Drainage Systems Committee.</subfield>
    <subfield code="b">Task Committee on Recent Advances in Canal Automation</subfield>
  </datafield>
  <datafield tag="670" ind1=" " ind2=" ">
    <subfield code="a">Canal automation, 2014:</subfield>
    <subfield code="b">t.p. (Task Committee on Recent Advances in Canal Automation of the Irrigation Delivery and Drainage Systems Committee of the Irrigation and Drainage Council of the Environmental and Water Resources Institute of the American Society of Civil Engineers )</subfield>
  </datafield>
</record>